%% Matrix Factorization Methods
@article{koren2009matrix,
  title={{Matrix Factorization Techniques for Recommender Systems}},
  author={Koren, Yehuda and Bell, Robert and Volinsky, Chris},
  journal={Computer},
  number={8},
  pages={30--37},
  year={2009},
  publisher={IEEE}
}

@inproceedings{mnih2008probabilistic,
  title={{Probabilistic Matrix Factorization}},
  author={Mnih, Andriy and Salakhutdinov, Russ R},
  booktitle={Advances in neural information processing systems},
  pages={1257--1264},
  year={2008}
}

@inproceedings{koren2009collaborative,
  title={{Collaborative Filtering with Temporal Dynamics}},
  author={Koren, Yehuda},
  booktitle={Proceedings of the 15th ACM SIGKDD international conference on Knowledge discovery and data mining},
  pages={447--456},
  year={2009},
  organization={ACM}
}

%% Survey Article
@article{zhang2019deep,
  title={{Deep Learning based Recommender System: A Survey and New Perspectives}},
  author={Zhang, Shuai and Yao, Lina and Sun, Aixin and Tay, Yi},
  journal={ACM Computing Surveys (CSUR)},
  volume={52},
  number={1},
  pages={5},
  year={2019},
  publisher={ACM}
}

%% RBM
@inproceedings{salakhutdinov2007restricted,
  title={{Restricted Boltzmann Machines for Collaborative Filtering}},
  author={Salakhutdinov, Ruslan and Mnih, Andriy and Hinton, Geoffrey},
  booktitle={Proceedings of the 24th international conference on Machine learning},
  pages={791--798},
  year={2007},
  organization={ACM}
}

%% Autoencoder
@inproceedings{sedhain2015autorec,
  title={{AutoRec: Autoencoders Meet Collaborative Filtering}},
  author={Sedhain, Suvash and Menon, Aditya Krishna and Sanner, Scott and Xie, Lexing},
  booktitle={Proceedings of the 24th International Conference on World Wide Web},
  pages={111--112},
  year={2015},
  organization={ACM}
}

%% Variational Autoencoder
@inproceedings{liang2018variational,
  title={{Variational Autoencoders for Collaborative Filtering}},
  author={Liang, Dawen and Krishnan, Rahul G and Hoffman, Matthew D and Jebara, Tony},
  booktitle={Proceedings of the 2018 World Wide Web Conference},
  pages={689--698},
  year={2018},
  organization={International World Wide Web Conferences Steering Committee}
}

%% Neural Collaborative Filtering
@inproceedings{he2017neural,
  title={{Neural Collaborative Filtering}},
  author={He, Xiangnan and Liao, Lizi and Zhang, Hanwang and Nie, Liqiang and Hu, Xia and Chua, Tat-Seng},
  booktitle={Proceedings of the 26th international conference on world wide web},
  pages={173--182},
  year={2017},
  organization={International World Wide Web Conferences Steering Committee}
}

%% Collaborative Memory Network
@inproceedings{ebesu2018collaborative,
  title={{Collaborative Memory Network for Recommendation Systems}},
  author={Ebesu, Travis and Shen, Bin and Fang, Yi},
  booktitle={The 41st International ACM SIGIR Conference on Research \& Development in Information Retrieval},
  pages={515--524},
  year={2018},
  organization={ACM}
}

%% Neural Graph Collaborative Filtering
@article{wang2019neural,
  title={{Neural Graph Collaborative Filtering}},
  author={Wang, Xiang and He, Xiangnan and Wang, Meng and Feng, Fuli and Chua, Tat-Seng},
  journal={arXiv preprint arXiv:1905.08108},
  year={2019}
}

%% Datasets
% MovieLens
@article{harper2016movielens,
  title={{The Movielens Datasets: History and Context}},
  author={Harper, F Maxwell and Konstan, Joseph A},
  journal={ACM Transactions on Interactive Intelligent Systems (TIIS)},
  volume={5},
  number={4},
  pages={19},
  year={2016},
  publisher={ACM}
}

% Epinions
@misc{epinions,
  title        = {{Recommender Systems Datasets}},
  howpublished = {\texttt{http://cseweb.ucsd.edu/~jmcauley/datasets.html\#social\_data}},
  note         = {Accessed: 2020-01-12}
}

% Jester
@misc{jester,
  title = {{Anonymous Ratings Data from the Jester Online Joke Recommender System}},
  howpublished = {\texttt{https://goldberg.berkeley.edu/jester-data/}},
  note = {Accessed: 2019-12-12}
}

% Reproducibility Crisis
@inproceedings{dacrema2019we,
  title={{Are we really making much progress? A worrying analysis of recent neural recommendation approaches}},
  author={Dacrema, Maurizio Ferrari and Cremonesi, Paolo and Jannach, Dietmar},
  booktitle={Proceedings of the 13th ACM Conference on Recommender Systems},
  pages={101--109},
  year={2019},
  organization={ACM}
}

% Implicit Feedback
@inproceedings{hu2008collaborative,
  title={Collaborative filtering for implicit feedback datasets},
  author={Hu, Yifan and Koren, Yehuda and Volinsky, Chris},
  booktitle={2008 Eighth IEEE International Conference on Data Mining},
  pages={263--272},
  year={2008},
  organization={{IEEE}}
}
